%Mobile Computing Literature


@article{lecompte2012evolved,
	title={Evolved multimedia broadcast/multicast service (eMBMS) in LTE-advanced: overview and Rel-11 enhancements},
	author={D. Lecompte and F. Gabin},
	journal={IEEE Communications Magazine},
	volume={50},
	number={11},
	year={2012},
	publisher={IEEE}
}

@INPROCEEDINGS{Mendonca2016A3droid,
	author={L. Baresi and S. Guinea and D. F. Mendonca},
	booktitle={2016 IEEE International Conf. on Pervasive Computing and Communication Workshops (PerCom Workshops)},
	title={A3Droid: A framework for developing distributed crowdsensing},
	year={2016},
	volume={},
	number={},
	pages={1-6},
	keywords={mobile computing;sensors;smart phones;A3Droid;Android platform;city traffic;computing performance;crowdsensing applications;distributed crowdsensing;distributed fog-like architecture;edge devices;geo-located data;mobile devices;sensor networks;server-side components;Middleware;Mobile handsets;Performance evaluation;Redundancy;Temperature sensors;Topology},
	doi={10.1109/PERCOMW.2016.7457103},
	ISSN={},
	month={March},}

@inproceedings{Carroll:2010,
	author = {Carroll, Aaron and Heiser, Gernot},
	title = {An Analysis of Power Consumption in a Smartphone},
	booktitle = {Proc. of the 2010 USENIX Conf. on USENIX Annual Technical Conf.},
	series = {USENIXATC'10},
	year = {2010},
	location = {Boston, MA},
	pages = {21--21},
	numpages = {1},
	url = {http://dl.acm.org/citation.cfm?id=1855840.1855861},
	acmid = {1855861},
	publisher = {USENIX Association},
	address = {Berkeley, CA, USA},
} 

%Mobile Cloud Computing Literature
@ARTICLE{Khan:14, 
	author={A. u. R. Khan and M. Othman and S. A. Madani and S. U. Khan}, 
	journal={IEEE Communications Surveys Tutorials}, 
	title={A Survey of Mobile Cloud Computing Application Models}, 
	year={2014}, 
	volume={16}, 
	number={1}, 
	pages={393-413}, 
	keywords={cloud computing;mobile computing;smart phones;application model classification;cloud computing technology;mobile cloud application model;mobile cloud computing application;off-loading decision;smart phone constraints;Bandwidth;Cloud computing;Computational modeling;Computer applications;Mobile communication;Smart phones;Application Models;Cloud Computing;Mobile Cloud Application Models;Mobile Cloud Application Models Survey;Mobile Cloud Computing;Mobile Cloud Survey}, 
	doi={10.1109/SURV.2013.062613.00160}, 
	ISSN={1553-877X}, 
	month={First}
}

%Continuum: Computation Offloading 

@inproceedings{OrsiniBL16,
	author    = {Orsini, G. and
	Bade, D. and Lamersdorf, W.},
	title     = {CloudAware: {A} Context-Adaptive Middleware for Mobile Edge and Cloud
	Computing Applications},
	booktitle = {IEEE International Workshops on Foundations and Applications
	of Self* Systems (FAS*W), Augsburg, Germany, September 12-16, 2016},
	pages     = {216--221},
	year      = {2016},
	crossref  = {DBLP:conf/saso/2016fasw},
	timestamp = {Sun, 14 May 2017 16:28:56 +0200},
	biburl    = {https://dblp.org/rec/bib/conf/saso/OrsiniBL16},
	bibsource = {dblp computer science bibliography, https://dblp.org}
}


@ARTICLE{Liu:2016,
	author = {{Liu}, J. and {Mao}, Y. and {Zhang}, J. and {Letaief}, K.~B.
	},
	title = "{Delay-Optimal Computation Task Scheduling for Mobile-Edge Computing Systems}",
	journal = {ArXiv e-prints},
	archivePrefix = "arXiv",
	eprint = {1604.07525},
	primaryClass = "cs.IT",
	keywords = {Computer Science - Information Theory, Computer Science - Networking and Internet Architecture},
	year = 2016,
	month = apr,
	adsurl = {http://adsabs.harvard.edu/abs/2016arXiv160407525L},
	adsnote = {Provided by the SAO/NASA Astrophysics Data System}
}


@inproceedings{Xu:2018,
	author = {J. Xu and L. Chen and P. Zhou},
	title = {Joint Service Caching and Task Offloading for Mobile Edge Computing in Dense Networks},
	booktitle = {Proc. of the IEEE International Conference on Computer Communications (INFOCOM},
	year = {2018 (In Press)},
	location = {Honolulu, HI, USA},
	publisher = {IEEE},
} 


%Edge Computing Literature

@article{ZhaoZGZN15,
	author    = {T. Zhao and
	S. Zhou and
	X. Guo and
	Y. Zhao and
	Z. Niu},
	title     = {A Cooperative Scheduling Scheme of Local Cloud and Internet Cloud
	for Delay-Aware Mobile Cloud Computing},
	journal   = {CoRR},
	volume    = {abs/1511.08540},
	year      = {2015},
	archivePrefix = {arXiv},
	eprint    = {1511.08540},
	timestamp = {Wed, 07 Jun 2017 14:40:23 +0200},
	biburl    = {https://dblp.org/rec/bib/journals/corr/ZhaoZGZN15},
	bibsource = {dblp computer science bibliography, https://dblp.org}
}

@article{wang2017enorm,
	title={ENORM: A framework for edge node resource management},
	author={Wang, N. and Varghese, B. and Matthaiou, M. and Nikolopoulos, D. S.},
	journal={IEEE Transactions on Services Computing},
	year={2017},
	publisher={IEEE}
}

@INPROCEEDINGS{Soyata:2012, 
	author={T. Soyata and R. Muraleedharan and C. Funai and M. Kwon and W. Heinzelman}, 
	booktitle={2012 IEEE Symposium on Computers and Communications (ISCC)}, 
	title={Cloud-Vision: Real-time face recognition using a mobile-cloudlet-cloud acceleration architecture}, 
	year={2012}, 
	volume={}, 
	number={}, 
	pages={000059-000066}, 
	keywords={cloud computing;face recognition;mobile computing;MOCHA;airport security;cloud computing;cloud server;cloud-vision;collaborative coupling;communication latency;heterogeneous latency;high-powered cloudlets;load distribution;mobile computing;mobile device;mobile-cloudlet-cloud acceleration architecture;optimal task partitioning algorithm;real-time face recognition;surveillance;Cloud computing;Computer architecture;Face;Face recognition;Mobile handsets;Servers;Time factors}, 
	ISSN={1530-1346}, 
	month={July},}

@ARTICLE{Sill17standards, 
	author={A. Sill}, 
	journal={IEEE Cloud Computing}, 
	title={Standards at the Edge of the Cloud}, 
	year={2017}, 
	volume={4}, 
	number={2}, 
	pages={63-67}, 
	keywords={Bluetooth;Cloud computing;Edge computing;Protocols;Security;Sensors;Standards;Internet of Things;cloud computing;edge computing;fog computing;standards}, 
	doi={10.1109/MCC.2017.23}, 
	ISSN={2325-6095}, 
	month={March},
}

@ARTICLE{Satyanarayanan:2009, 
	author={M. Satyanarayanan and P. Bahl and R. Caceres and N. Davies}, 
	journal={IEEE Pervasive Computing}, 
	title={The Case for VM-Based Cloudlets in Mobile Computing}, 
	year={2009}, 
	volume={8}, 
	number={4}, 
	pages={14-23}, 
	keywords={mobile computing;virtual machines;wireless LAN;Internet;VM-based cloudlets;crisp interactive response;customized service software;high-definition video;high-resolution image;human cognition;mobile computing;mobile devices;one-hop network latency;proof-of-concept prototype;virtual machine technology;wireless LAN;Cloud computing;Computer architecture;Humans;Internet;Mobile computing;Natural language processing;Speech recognition;Virtual machining;Virtual manufacturing;Wireless LAN;augmented reality;cognitive augmentation;cyber foraging;dynamic VM synthesis;resource constraints;virtual machines}, 
	ISSN={1536-1268}, 
	month={Oct}
}

@inproceedings{Bonomi:2012,
	author = {Bonomi, Flavio and Milito, Rodolfo and Zhu, Jiang and Addepalli, Sateesh},
	title = {Fog Computing and Its Role in the Internet of Things},
	booktitle = {Proc. of the First Edition of the MCC Workshop on Mobile Cloud Computing},
	series = {MCC '12},
	year = {2012},
	isbn = {978-1-4503-1519-7},
	location = {Helsinki, Finland},
	pages = {13--16},
	numpages = {4},
	url = {http://doi.acm.org/10.1145/2342509.2342513},
	doi = {10.1145/2342509.2342513},
	acmid = {2342513},
	publisher = {ACM},
	address = {New York, NY, USA},
	keywords = {analytics, cloud computing, fog computing, iot, real time systems, software defined networks, wsan}
}

@Inbook{Bonomi:2014,
	author="Bonomi, Flavio
	and Milito, Rodolfo
	and Natarajan, Preethi
	and Zhu, Jiang",
	editor="Bessis, Nik
	and Dobre, Ciprian",
	title="Fog Computing: A Platform for Internet of Things and Analytics",
	bookTitle="Big Data and Internet of Things: A Roadmap for Smart Environments",
	year="2014",
	publisher="Springer International Publishing",
	address="Cham",
	pages="169--186",
	isbn="978-3-319-05029-4",
	doi="10.1007/978-3-319-05029-4_7",
	url="https://doi.org/10.1007/978-3-319-05029-4_7"
}

@ARTICLE{Shi:2016, 
	author={W. Shi and J. Cao and Q. Zhang and Y. Li and L. Xu}, 
	journal={IEEE Internet of Things Journal}, 
	title={Edge Computing: Vision and Challenges}, 
	year={2016}, 
	volume={3}, 
	number={5}, 
	pages={637-646}, 
	keywords={Internet of Things;cloud computing;data privacy;smart cities;Internet of Things;bandwidth cost saving;battery life constraint;cloud offloading;cloud services;data privacy;data processing;data safety;edge computing;response time requirement;smart city;smart home;Bandwidth;Cloud computing;Data privacy;Internet of things;Mobile handsets;Smart homes;Time factors;Edge computing;Internet of Things (IoT);smart home and city},
	ISSN={2327-4662}, 
	month={Oct}
}

@article{HitachiInternetOnWheels16,
	author    = {{Hitachi Data Systems}},
	title     = {The Internet on Wheels and Hitachi, Ltd.},
	publisher = {Hitachi Data Systems},
	year      = {2015}
}

@inproceedings{GliksonDeviceless17,
	author = {Glikson, Alex and Nastic, Stefan and Dustdar, Schahram},
	title = {Deviceless Edge Computing: Extending Serverless Computing to the Edge of the Network},
	booktitle = {Proc. of the 10th ACM International Systems and Storage Conf.},
	series = {SYSTOR '17},
	year = {2017},
	isbn = {978-1-4503-5035-8},
	location = {Haifa, Israel},
	pages = {28:1--28:1},
	articleno = {28},
	numpages = {1},
	url = {http://doi.acm.org/10.1145/3078468.3078497},
	doi = {10.1145/3078468.3078497},
	acmid = {3078497},
	publisher = {ACM},
	address = {New York, NY, USA},
	keywords = {edge computing, function as a service, serverless computing},
} 

@INPROCEEDINGS{SonmezEgdeCloudSim17,
	author={C. Sonmez and A. Ozgovde and C. Ersoy},
	booktitle={2017 Second International Conf. on Fog and Mobile Edge Computing (FMEC)},
	title={EdgeCloudSim: An environment for performance evaluation of Edge Computing systems},
	year={2017},
	volume={},
	number={},
	pages={39-44},
	keywords={cloud computing;digital simulation;mobile computing;Edge Computing systems;EdgeCloudSim;cloud computing;computational parameters;computational resources;edge architectures;mobile computing;network resources;networking system parameters;performance evaluation;simulation tool;Cloud computing;Computational modeling;Computer architecture;Delays;Edge computing;Load modeling;Wide area networks},
	doi={10.1109/FMEC.2017.7946405},
	ISSN={},
	month={May},}



@article {GuptaIfogSim17,
	author = {Gupta, H. and Vahid, D. and Ghosh, S. and Buyya, R.},
	title = {iFogSim: A toolkit for modeling and simulation of resource management techniques in the Internet of Things, Edge and Fog computing environments},
	journal = {Software: Practice and Experience},
	volume = {47},
	number = {9},
	issn = {1097-024X},
	doi = {10.1002/spe.2509},
	pages = {1275--1296},
	keywords = {Edge computing, Fog computing, Internet of Things (IoT), modeling and simulation},
	year = {2017},
	note = {spe.2509},
}

@article{sarkar2015assessment,
	title={Assessment of the suitability of fog computing in the context of internet of things},
	author={Sarkar, Subhadeep and Chatterjee, Subarna and Misra, Sudip},
	journal={IEEE Transactions on Cloud Computing},
	year={2015},
	publisher={IEEE}
}

@ARTICLE{ChiangFogIoT16,
	author={M. Chiang and T. Zhang},
	journal={IEEE Internet of Things Journal},
	title={Fog and IoT: An Overview of Research Opportunities},
	year={2016},
	volume={3},
	number={6},
	pages={854-864},
	keywords={5G mobile communication;5G wireless systems;Internet of Things;IoT;embedded artificial intelligence;fifth-generation wireless systems;fog computing;Cloud computing;Computer architecture;Hardware;Internet of things;Security;Edge computing;Internet of Things (IoT);edge networking;edge storage;fog;fog computing;fog control;fog networking;fog storage},
	doi={10.1109/JIOT.2016.2584538},
	ISSN={2327-4662},
	month={Dec},}

%Mobile Edge Computing Literature

@INPROCEEDINGS{ahmed2016isco, 
	author={A. Ahmed and E. Ahmed}, 
	booktitle={2016 10th International Conf. on Intelligent Systems and Control (ISCO)}, 
	title={A survey on mobile edge computing}, 
	year={2016}, 
	pages={1-8}, 
	keywords={cloud computing;mobile computing;radio access networks;IT service;cloud service;collaborative computing;context-aware services;mobile edge computing;mobile subscribers;network latency reduction;packet filtering;packet forwarding;real time radio access network information;telecom network operators;traffic control flow;Collaborative Computing;Computation Offloading;Mobile Edge Computing}, 
	month={Jan}
}

@inproceedings{beck2014mobile,
	title={Mobile edge computing: A taxonomy},
	author={Beck, Michael Till and Werner, Martin and Feld, Sebastian and Schimper, S},
	booktitle={Proc. of the Sixth International Conf. on Advances in Future Internet},
	year={2014},
	pages={48--54}
}

@ARTICLE{Mach:2017, 
	author={P. Mach and Z. Becvar}, 
	journal={IEEE Communications Surveys Tutorials}, 
	title={Mobile Edge Computing: A Survey on Architecture and Computation Offloading}, 
	year={2017}, 
	volume={19}, 
	number={3}, 
	pages={1628-1656}, 
	keywords={mobile computing;software architecture;MEC;TIE;architecture offloading;battery life-time;computation offloading;delay;energy consumption;limited battery capacity;mobile edge computing;mobile network;mobility management;technological evolution of mobile user equipment;Batteries;Cloud computing;Delays;Edge computing;Mobile communication;Mobile computing;Tutorials;Mobile edge computing;allocation of computing resources;computation offloading;mobile network architecture;mobility management;standardization;use-cases}, 
	doi={10.1109/COMST.2017.2682318}, 
	ISSN={}, 
	month={thirdquarter}
}

@article{Satria2017mec,
	title = "Recovery for overloaded mobile edge computing ",
	journal = "Future Generation Computer Systems ",
	volume = "70",
	number = "",
	pages = "138 - 147",
	year = "2017",
	note = "",
	issn = "0167-739X",
	doi = "https://doi.org/10.1016/j.future.2016.06.024",
	url = "http://www.sciencedirect.com/science/article/pii/S0167739X16302096",
	author = "Dimas Satria and Daihee Park and Minho Jo",
}

%Cloud Computing Literature

@techreport{cloudify14,
	title = {NFV and What it Means to You: From ETSI to MANO to YANG -- Cloudify White Paper},
	author = {Shalom, N. and Parasol, Y. and Naeh, S. and Yoram, W.},
	group = {},
	year = {2014},
	institution = {GigaSpaces Research, Cloudify Team},
	month = {04},	
}
%url = {https://cloudify.co/brochures/NFV%20White%20Paper%20April%202015.pdf}

@techreport{etsimano17,
	title = { Open Source MANO Release Three -- ETSI White paper},
	author = {Israel, A. and Hoban, A. and Tierno Sepulveda, A. and Salguero, F. and Garcia de Blase, G. and Kashalkar, K.},
	group = {},
	year = {2017},
	institution = {ETSI OSM Consortium},
	month = {10},
	url = {https://osm.etsi.org/images/OSM-Whitepaper-TechContent-ReleaseTHREE-FINAL.PDF}
}

@techreport{etsimec16,
	title = {Mobile Edge Computing (MEC) Terminology},
	author = {{ETSI Group}},
	group = {},
	year = {2016},
	institution = { European Telecommunications Standards Institute (ETSI)},
	month = {10},
	url = {http://www.etsi.org/deliver/etsi_gs/MEC/001_099/001/01.01.01_60/gs_MEC001v010101p.pdf}
}

@techreport{etsimec16:03,
	title = {Mobile Edge Computing (MEC);
	Framework and Reference Architecture},
	author = {Several authors},
	group = {},
	year = {2016},
	institution = {ETSI GS MEC},
	month = {03},
	url = {http://www.etsi.org/deliver/etsi_gs/MEC/001_099/003/01.01.01_60/gs_MEC003v010101p.pdf}
}

@article{calheiros2011cloudsim,
	title={CloudSim: a toolkit for modeling and simulation of cloud computing environments and evaluation of resource provisioning algorithms},
	author={Calheiros, Rodrigo N and Ranjan, Rajiv and Beloglazov, Anton and De Rose, C{\'e}sar AF and Buyya, Rajkumar},
	journal={Software: Practice and experience},
	volume={41},
	number={1},
	pages={23--50},
	year={2011},
	publisher={Wiley Online Library}
}


% -- Articles from TOIT worth citing
@article{weber2017facilitating,
	title={Facilitating Adoption of Internet Technologies and Services with Externalities via Cost Subsidization},
	author={Weber, Steven},
	journal={ACM Transactions on Internet Technology (TOIT)},
	volume={17},
	number={4},
	pages={38},
	year={2017},
	publisher={ACM}
}


@article{garcia2017bandwidth,
	title={Bandwidth Measurements within the Cloud: Characterizing Regular Behaviors and Correlating Downtimes},
	author={Garcia-Dorado, J. L.},
	journal={ACM Transactions on Internet Technology (TOIT)},
	volume={17},
	number={4},
	pages={39},
	year={2017},
	publisher={ACM}
}

@article{zabolotnyi2015jcloudscale,
	title={JCloudScale: closing the gap between IaaS and PaaS},
	author={Zabolotnyi, Rostyslav and Leitner, Philipp and Hummer, Waldemar and Dustdar, Schahram},
	journal={ACM Transactions on Internet Technology (TOIT)},
	volume={15},
	number={3},
	pages={10},
	year={2015},
	publisher={ACM}
}

@article{weber2017facilitating,
	title={Facilitating Adoption of Internet Technologies and Services with Externalities via Cost Subsidization},
	author={Weber, Steven},
	journal={ACM Transactions on Internet Technology (TOIT)},
	volume={17},
	number={4},
	pages={38},
	year={2017},
	publisher={ACM}
} 


@article{leitner2016patterns,
	title={Patterns in the Chaos -- a Study of Performance Variation and Predictability in Public IaaS Clouds},
	author={Leitner, P. and Cito, J.},
	journal={ACM Transactions on Internet Technology (TOIT)},
	volume={16},
	number={3},
	pages={15},
	year={2016},
	publisher={ACM}
}


@inproceedings{FelterContainerVm15,
	title={An updated performance comparison of virtual machines and linux containers},
	author={Felter, Wes and Ferreira, Alexandre and Rajamony, Ram and Rubio, Juan},
	booktitle={Performance Analysis of Systems and Software (ISPASS), 2015 IEEE International Symposium On},
	pages={171--172},
	year={2015},
	organization={IEEE}
}

@inproceedings{SoletzContainerVirt14,
	title={Container-based operating system virtualization: a scalable, high-performance alternative to hypervisors},
	author={Soltesz, Stephen and P{\"o}tzl, Herbert and Fiuczynski, Marc E and Bavier, Andy and Peterson, Larry},
	booktitle={ACM SIGOPS Operating Systems Review},
	volume={41},
	number={3},
	pages={275--287},
	year={2007},
	organization={ACM}
}

@inproceedings{Quatrocchi2016discrete,
  title={A discrete-time feedback controller for containerized cloud applications},
  author={Baresi, L. and Guinea, S. and Leva, A. and Quattrocchi, G.},
  booktitle={Proc. of the 2016 24th ACM SIGSOFT International Symposium on Foundations of Software Engineering},
  pages={217--228},
  year={2016},
  organization={ACM}
}
@ARTICLE{Pahl15containers, 
	author={C. Pahl}, 
	journal={IEEE Cloud Computing}, 
	title={Containerization and the PaaS Cloud}, 
	year={2015}, 
	volume={2}, 
	number={3}, 
	pages={24-31}, 
	doi={10.1109/MCC.2015.51}, 
	ISSN={2325-6095}, 
	month={May},}

@article{Tarneberg2017,
	title = "Dynamic application placement in the Mobile Cloud Network ",
	journal = "Future Generation Computer Systems ",
	volume = "70",
	pages = "163 - 177",
	year = "2017",
	note = "",
	issn = "0167-739X",
	author = "W. Tarneberg and A. Mehta and E. Wadbro and J. Tordsson and J. Eker and M. Kihl and E. Elmroth",
}

@article{Wang:2015,
	author    = {S. Wang and
	R. Urgaonkar and
	M. Zafer and
	T. He and
	K. S. Chan and
	K. K. Leung},
	title     = {Dynamic Service Migration in Mobile Edge-Clouds},
	journal   = {CoRR},
	volume    = {abs/1506.05261},
	year      = {2015},
	archivePrefix = {arXiv},
	eprint    = {1506.05261},
	timestamp = {Wed, 07 Jun 2017 14:41:42 +0200},
	biburl    = {https://dblp.org/rec/bib/journals/corr/WangUZHCL15},
	bibsource = {dblp computer science bibliography, https://dblp.org}
}

@ARTICLE{Wang:2017b, 
	author={S. Wang and R. Urgaonkar and T. He and K. Chan and M. Zafer and K. K. Leung}, 
	journal={IEEE Transactions on Parallel and Distributed Systems}, 
	title={Dynamic Service Placement for Mobile Micro-Clouds with Predicted Future Costs}, 
	year={2017}, 
	volume={28}, 
	number={4}, 
	pages={1002-1016}, 
	keywords={approximation theory;cloud computing;computational complexity;mobile computing;dynamic service placement;mobile micro-clouds;offline algorithm;online approximation algorithm;optimal configuration;polynomial time-complexity;Algorithm design and analysis;Approximation algorithms;Cloud computing;Cost function;Electronic mail;Heuristic algorithms;Prediction algorithms;Cloud computing;fog/edge computing;online approximation algorithm;optimization;resource allocation;wireless networks}, 
	doi={10.1109/TPDS.2016.2604814}, 
	ISSN={1045-9219}, 
	month={April}
}

@ARTICLE{Wang:2017, 
	author={S. Wang and M. Zafer and K. K. Leung}, 
	journal={IEEE Access}, 
	title={Online Placement of Multi-Component Applications in Edge Computing Environments}, 
	year={2017}, 
	volume={5}, 
	number={}, 
	pages={2514-2533}, 
	keywords={algorithm theory;cloud computing;MEC;application placement problem;cloud computing paradigm;edge computing environments;heuristic algorithms;linear application graph;mobile edge computing;mobile edge-clouds;multicomponent applications;online approximation algorithms;online placement;optimal solution;performance guarantees;poly-log competitive ratio;polynomial-logarithmic competitive ratio;poor performance;provable performance bounds;small-sized edge clouds;tree application graph placement;user application;workload placement problem;Approximation algorithms;Cloud computing;Databases;Face recognition;Mobile communication;Mobile handsets;Streaming media;Cloud computing;graph mapping;mobile edge-cloud (MEC);online approximation algorithm;optimization theory}, 
	ISSN={}, 
	month={}
}

@inproceedings{Jia:2017,
	author = {Jia, M. and Liang, W. and Xu, Z.},
	title = {QoS-Aware Task Offloading in Distributed Cloudlets with Virtual Network Function Services},
	booktitle = {Proc. of the 20th ACM International Conf. on Modelling, Analysis and Simulation of Wireless and Mobile Systems},
	series = {MSWiM '17},
	year = {2017},
	isbn = {978-1-4503-5162-1},
	location = {Miami, Florida, USA},
	pages = {109--116},
	numpages = {8},
	acmid = {3127561},
	publisher = {ACM},
	address = {New York, NY, USA},
	keywords = {cloudlets, functionality service virtualization, network function virtualization, offloading algorithms, request admission cost minimization, request qos requirement, resource allocation of cloudlets., task offloading, wireless metropolitan area networks},
} 

@inproceedings{Yu18infocom,
	author = {R. Yu and G. Xue and X. Zhang},
	title = {Application Provisioning in Fog Computing-enabled Internet-of-Things: A Network Perspective},
	booktitle = {Proc. of the IEEE International Conference on Computer Communications (INFOCOM},
	year = {2018 (In Press)},
	location = {Honolulu, HI, USA},
	publisher = {IEEE},
} 



@Article{Villamizar2017lambda,
	author={Villamizar, M.
	and Garc{\'e}s, O.
	and Ochoa, L.
	and Castro, H.
	and Salamanca, L.
	and Verano, M.
	and Casallas, R.
	and Gil, S.
	and Valencia, C.
	and Zambrano, A.
	and Lang, M.},
	title="Cost Comparison of Running Web Applications in the Cloud using Monolithic, Microservice, and AWS Lambda Architectures",
	journal="Service Oriented Computing and Applications",
	year="2017",
	volume="11",
	number="2",
	pages="233--247",
	issn="1863-2394",
}

%Autonomic computing literature
@article{kephart2003vision,
	title={The vision of autonomic computing},
	author={Kephart, J. O and Chess, D. M.},
	journal={Computer},
	volume={36},
	number={1},
	pages={41--50},
	year={2003},
	publisher={IEEE}
}


%Serverless computing literature


@INPROCEEDINGS{Lloyd18serverless,
	author={Lloyd, W. and Ramesh, S. and Chinthalapati, S. and Ly, L. and Pallickara, S.},
	booktitle={Proc. of the IEEE International Conf. on Cloud Engineering (IC2E)},
	title={Serverless Computing: An Investigation of Factors Influencing Microservice Performance},
	year={2018 (In Press)},
	volume={},
	number={},
	pages={},
	keywords={},
	ISSN={},
	note={},
	month={September}
}

@article{,
	title={},
	author={}
}


@article{baldini2017serverless,
  title={Serverless Computing: Current Trends and Open Problems},
  author={Baldini, I. and Castro, P. and Chang, K. and Cheng, P. and Fink, S. and Ishakian, V. and Mitchell, N. and Muthusamy, V. and Rabbah, R. and Slominski, A. and others},
  journal={arXiv preprint arXiv:1706.03178},
  year={2017}
}


@INPROCEEDINGS{MateosFaaster17,
author={J. Spillner and C. Mateos and D. Monge},
booktitle={Proc. of the Latin-American HPC Conf. (CARLA)},
title={FaaSter, Better, Cheaper: The Prospect of Serverless Scientific Computing and HPC},
year={2017},
volume={},
number={},
pages={},
keywords={},
ISSN={},
note={},
month={}
}

@ARTICLE{Nastic17ServerlessDataAnalytics,
author={S. Nastic and T. Rausch and O. Scekic and S. Dustdar and M. Gusev and B. Koteska and M. Kostoska and B. Jakimovski and S. Ristov and R. Prodan},
journal={IEEE Internet Computing},
title={A Serverless Real-Time Data Analytics Platform for Edge Computing},
year={2017},
volume={21},
number={4},
pages={64-71},
keywords={cloud computing;data analysis;cloud supported;edge computing;edge data analytics;serverless real-time data analytics;Analytical models;Cloud computing;Computational modeling;Data analysis;Data models;Quality of service;Real-time systems;Internet of Things;Internet/Web technologies;IoT;cloud computing;edge computing;real-time data analysis;security and privacy},
doi={10.1109/MIC.2017.2911430},
ISSN={1089-7801},
month={},}

%Serverless + Edge literature

@Inbook{GarrigaMendonca2017,
	author="Baresi, L.
	and Mendon{\c{c}}a, D. F.
	and Garriga, M.",
	editor="De Paoli, Flavio
	and Schulte, Stefan
	and Broch Johnsen, Einar",
	title="Empowering Low-Latency Applications Through a Serverless Edge Computing Architecture",
	bookTitle="Service-Oriented and Cloud Computing: 6th IFIP WG 2.14 European Conf., ESOCC 2017, Oslo, Norway, September 27-29, 2017, Proc.",
	year="2017",
	publisher="Springer International Publishing",
	address="Cham",
	pages="196--210",
	isbn="978-3-319-67262-5",
}

@misc{NokiaMEC13,
  title={Increasing mobile operators' value proposition with edge computing},
  author="{Nokia Siemens Networks, Intel}",
  year={2013},
  note={Retrieved from: http://www.intel.co.id/content/dam/www/public/us/en/documents/technology-briefs/edge-computing-tech-brief.pdf}
}

@misc{OpenWhisk,
	title={Apache OpenWhisk},
	howpublished={\url{https://openwhisk.apache.org}},
		year = {2018}
}

@misc{AWSLambda,
	title={AWS Lambda},
	howpublished={\url{https://docs.aws.amazon.com/lambda}},
	year = {2018}
}

@ARTICLE{Dollar12detection,
author={P. Dollar and C. Wojek and B. Schiele and P. Perona},
journal={IEEE Transactions on Pattern Analysis and Machine Intelligence},
title={Pedestrian Detection: An Evaluation of the State of the Art},
year={2012},
volume={34},
number={4},
pages={743-761},
doi={10.1109/TPAMI.2011.155},
ISSN={0162-8828},
month={April}
}

@inproceedings{wagner2009multiple,
  title={Multiple target detection and tracking with guaranteed framerates on mobile phones},
  author={Wagner, Daniel and Schmalstieg, Dieter and Bischof, Horst},
  booktitle={IEEE International Symposium on Mixed and Augmented Reality (ISMAR)},
  pages={57--64},
  year={2009}
}

@book{barfield2015fundamentals,
  title={Fundamentals of wearable computers and augmented reality},
  author={Barfield, Woodrow},
  year={2015},
  publisher={CRC Press}
}


@ARTICLE{Dehos14millimeter5g,
author={C. Dehos and J. L. Gonz\'{a}lez and A. D. Domenico and D. Kt\'{e}nas and L. Dussopt},
journal={IEEE Communications Magazine},
title={Millimeter-wave access and backhauling: the solution to the exponential data traffic increase in 5G mobile communications systems?},
year={2014},
volume={52},
number={9},
pages={88-95},
keywords={cellular radio;millimetre wave antennas;modulation;radio links;radio transceivers;telecommunication traffic;5G mobile communications system;antenna;backhaul network;cellular architecture;exponential mobile data traffic;frequency 57 GHz to 66 GHz;frequency 71 GHz to 76 GHz;frequency 81 GHz to 86 GHz;high-data-rate millimeter-wave access;medium-distance link;modulation scheme;short-distance link;transceiver architecture;Antenna arrays;Directive antennas;Millimeter wave communication;Mobile communication;Modulation;Telecommunication traffic;Transceivers;Wireless communication},
ISSN={0163-6804},
month={September}
}

@INPROCEEDINGS{Huang2012, 
  author={B. R. Huang and C. H. Lin and C. H. Lee}, 
  booktitle={Anti-counterfeiting, Security, and Identification}, 
  title={Mobile augmented reality based on cloud computing}, 
  year={2012}, 
  pages={1-5}, 
  keywords={augmented reality;cameras;cloud computing;edge detection;image matching;mobile computing;rendering (computer graphics);smart phones;Android smart phone;Chunghwa Telecoms hicloud;book spine matching;cameras;cloud computing;feature comparisons;image capturing;image corner detection;image preprocessing;image resizing;mobile augmented reality rendering system;mobile device;transmission cost reduction;Augmented reality;Books;Cloud computing;Databases;Mobile handsets;Performance evaluation;Servers;augmented reality;cloud computing;fast corner detection}, 
  doi={10.1109/ICASID.2012.6325354}, 
  ISSN={2163-5048}, 
  month={Aug}
}

@article{rodriguez16mobile,
  title={Mobile computation offloading architecture for mobile augmented reality, case study: Visualization of cetacean skeleton},
  author={Rodriguez-Santana, B. and Viveros, A. and Carvajal-G{\'a}mez, B. and Trejo-Osorio, D.},
  journal={International Journal of Advanced Computer Science \& Applications},
  volume={1},
  number={7},
  pages={665--671},
  year={2016},
  publisher={Citeseer}
}

@INPROCEEDINGS{ismail2015icos, 
  author={B. I. Ismail and E. Mostajeran Goortani and M. B. Ab Karim and W. Ming Tat and S. Setapa and J. Y. Luke and O. Hong Hoe}, 
  booktitle={2015 IEEE Conf. on Open Systems (ICOS)}, 
  title={Evaluation of Docker as Edge computing platform}, 
  year={2015}, 
  pages={130-135}, 
  keywords={cloud computing;Docker container based technology;Docker evaluation;application response time;caching criteria;centralized paradigm;cloud computing;decentralized paradigm;deployment and termination criteria;edge computing platform;fault tolerance criteria;resource and service management criteria;user experience;Cloud computing;Containers;Image edge detection;Linux;Mobile communication;Servers;Time factors;Cloudlet;Container;Docker;Edge Computing;Fog Computing;Mobile Cloud;Mobile Edge Computing;simulation}, 
  doi={10.1109/ICOS.2015.7377291}, 
  month={Aug}
}

@INPROCEEDINGS{salman2015wf-iot, 
  author={O. Salman and I. Elhajj and A. Kayssi and A. Chehab}, 
  booktitle="IEEE World Forum on Internet of Things (WF-IoT)", 
  title={Edge computing enabling the Internet of Things}, 
  year={2015}, 
  pages={603-608}, 
  doi={10.1109/WF-IoT.2015.7389122}, 
  month={Dec}
}

@article{hu2015mobile,
  title={Mobile edge computing: A key technology towards 5G},
  author={Hu, Yun Chao and Patel, Milan and Sabella, Dario and Sprecher, Nurit and Young, Valerie},
  journal={ETSI White Paper},
  volume={11},
  year={2015}
}

@article{abase2017locality,
  title={Locality Sim: Cloud Simulator with Data Locality},
  author={Abase, Ahmed H and Khafagy, Mohamed H and Omara, Fatma A},
  journal={International Journal on Cloud Computing: Services 
and Architecture (IJCCSA)},
  volume={6},
  issue={6},
  pages={17-31},
  month={December},
  year={2016}
}

@inproceedings{Hendrickson:2016,
 author = {Hendrickson, S. and Sturdevant, S. and Harter, T. and Venkataramani, V. and Arpaci-Dusseau, A. C. and Arpaci-Dusseau, R. H.},
 title = {Serverless Computation with openLambda},
 booktitle = {Proc. of the 8th USENIX Conf. on Hot Topics in Cloud Computing},
 year = {2016},
 location = {Denver, CO},
 pages = {33--39},
 numpages = {7}
} 

@inproceedings{Lara2016hierarchical,
  title={Hierarchical Serverless Computing for the Mobile Edge},
  author={de Lara, Eyal and Gomes, Carolina S and Langridge, Steve and Mortazavi, S Hossein and Roodi, Meysam},
  booktitle={IEEE/ACM Symposium on Edge Computing (SEC)},
  pages={109--110},
  year={2016},
  organization={IEEE}
}

@misc{cockroft2016evolution,
  title={Evolution of business logic from monoliths through microservices to functions},
  author={Cockroft, Adrian},
  year={2016},
  note={Retrieved from:https://read.acloud.guru/evolution-of-business-logic-from-monoliths-through-microservices-to-functions-ff464b95a44d}
}s

@misc{Roberts:2016,
  title={Serverless architectures: What is serverless?},
  author={Roberts, Michael},
  year={2016},
  note={Retrieved from: ttp://martinfowler.com/articles/serverless.html}
}

@Article{Murtagh2014,
author="Murtagh, Fionn
and Legendre, Pierre",
title="Ward's Hierarchical Agglomerative Clustering Method: Which Algorithms Implement Ward's Criterion?",
journal="Journal of Classification",
year="2014",
volume="31",
number="3",
pages="274--295"
}


@article{Garriga15,
author = {Martin Garriga and Andres Flores and Alejandra Cechich and Alejandro Zunino},
title = {Web Services Composition Mechanisms: A Review},
journal = {IETE Technical Review},
pages = {1-8},
VOLUME = {In press},
year = {2015},
   
}

@INPROCEEDINGS{Kokash06,
	AUTHOR       = "Kokash, N.",
	TITLE        = "{A Comparison of Web Service Interface Similarity Measures}",
	BOOKTITLE    = "Starting AI Researchers Symposium, STAIRS",
	YEAR         = "2006",
	EDITOR       = "",
	address 		 = "Amsterdam, Netherlands",
	PAGES        = "",
	ORGANIZATION = "",
	PUBLISHER    = "IOS Press",
	MONTH        = "",
	NOTE         = ""
}

@misc{openApi16,
  title="{The OpenAPI Initiative (OAI)}",
  year={2016},
  note={Retrieved from: https://www.openapis.org/}
}

@ARTICLE{Martin07owl,
	AUTHOR       = "Martin, D. and Burstein, M. and McDermott, D. and McIlraith, S. and Paolucci, M. and Sycara, K. and McGuiness, D. and Sirin, E. and Srinivasan, N.",
	TITLE        = "Bringing Semantics to Web Services with OWL-S",
	JOURNAL      = "World Wide Web",
	YEAR         = "2007",
	VOLUME       = "10",
	NUMBER       = "",
	PAGES        = "243--277",
	MONTH        = "",
	NOTE         = ""
}

@article{roman05wsmo,
  title="Web Service Modeling Ontology",
  author="Roman, D. and Keller, U. and Lausen, H. and De Bruijn, J. and Lara, R. and Stollberg, M. and Polleres, A. and Feier, C. and Bussler, Cristoph and Fensel, D.",
  journal="Applied ontology",
  volume={1},
  number={1},
  pages={77--106},
  year={2005},
  publisher={IOS Press}
}

@article{cong2015service,
  title={Service discovery acceleration with hierarchical clustering},
  author={Cong, Zijie and Fernandez, Alberto and Billhardt, Holger and Lujak, Marin},
  journal={Information Systems Frontiers},
  volume={17},
  number={4},
  pages={799--808},
  year={2015},
  publisher={Springer}
}

@inproceedings{Nayak07,
       booktitle = {IEEE/WIC/ACM International Conf. on Web Intelligence},
           title = {Web Service Discovery with additional Semantics and Clustering},
          author = {Richi Nayak and Brian Lee},
         address = {Silicon Valley, USA},
       publisher = {IEEE},
            year = {2007},
           pages = {555--558}
}

@inproceedings{alrifai2010selecting,
  title={Selecting skyline services for QoS-based web service composition},
  author={Alrifai, Mohammad and Skoutas, Dimitrios and Risse, Thomas},
  booktitle={Proc. of the 19th international conference on World wide web},
  pages={11--20},
  year={2010},
  organization={ACM}
}

@book{tanenbaum2007distributed,
  title={Distributed systems},
  author={Tanenbaum, Andrew S and Van Steen, Maarten},
  year={2007},
  publisher={Prentice-Hall}
}

@article{yu2008deploying,
  title={Deploying and managing Web services: issues, solutions, and directions},
  author={Yu, Qi and Liu, Xumin and Bouguettaya, Athman and Medjahed, Brahim},
  journal={The VLDB Journal -- The International Journal on Very Large Data Bases},
  volume={17},
  number={3},
  pages={537--572},
  year={2008},
  publisher={Springer-Verlag New York, Inc.}
}

@book{Weerawarana05,
 author = {Weerawarana, Sanjiva and Curbera, Francisco and Leymann, Frank and Storey, Tony and Ferguson, Donald F.},
 title = "{Web Services Platform Architecture: SOAP, WSDL, WS-Policy, WS-Addressing, WS-BPEL, WS-Reliable Messaging and More}",
 year = {2005},
 isbn = {0131488740},
 publisher = {Prentice Hall PTR},
 address = {Upper Saddle River, NJ, USA},
}

@INBOOK{Wilde16,
	AUTHOR       = " Wilde, Norman and Gonen,  Bilal and  El-Sheik, Eman and Zimmermann, Alfred",
	TITLE        = "Emerging Trends in the Evolution of Service-Oriented
and Enterprise Architectures",
	CHAPTER      = "Approaches to the Evolution of SOA
Systems",
	PUBLISHER    = "Springer International Publishing Switzerland ",
	YEAR         = "2016",
	VOLUME       = "",
	SERIES       = "Intelligent Systems Reference Library",
	ADDRESS      = "",
	EDITOR       = "",
	MONTH        = "",
	NOTE         = ""
}

@ARTICLE{Kuhn55,
	AUTHOR       = "Harold W. Kuhn",
	TITLE        = "The Hungarian Method for the assignment problem",
	JOURNAL      = "Naval Research Logistic Quarterly",
	YEAR         = "1955",
	VOLUME       = "2",
	NUMBER       = "",
	PAGES        = "83-97",
	MONTH        = "",
	NOTE         = ""
}

@ARTICLE{Browning01,
author={T. R. Browning},
journal={IEEE Transactions on Engineering Management},
title={Applying the design structure matrix to system decomposition and integration problems: a review and new directions},
year={2001},
volume={48},
number={3},
pages={292-306},
doi={10.1109/17.946528},
ISSN={0018-9391},
month={Aug}
}

@inproceedings{mancoridis1998using,
  title={Using Automatic Clustering to Produce High-Level System Organizations of Source Code.},
  author={Mancoridis, Spiros and Mitchell, Brian S and Rorres, Chris and Chen, Yih-Farn and Gansner, Emden R},
  booktitle={6th International Workshop on Program Comprehension},
  volume={98},
  pages={45--52},
  year={1998}
}


@article{Kuhn2007,
title = "Semantic clustering: Identifying topics in source code ",
journal = "Information and Software Technology ",
volume = "49",
number = "3",
pages = "230 -- 243",
year = "2007",
note = "12th Working Conf. on Reverse Engineering ",
issn = "0950-5849",
doi = "http://dx.doi.org/10.1016/j.infsof.2006.10.017",
url = "http://www.sciencedirect.com/science/article/pii/S0950584906001820",
author = "Adrian Kuhn and Stephane Ducasse and Tudor Gorba",
}

@book{mccandless2010lucene,
  title={Lucene in Action: Covers Apache Lucene 3.0},
  author={McCandless, Michael and Hatcher, Erik and Gospodnetic, Otis},
  year={2010},
  publisher={Manning Publications Co.}
}

@inproceedings{zimmermann15micro,
  title={Do Microservices Pass the Same Old Architecture Test? or: SOA is Not Dead--Long Live (Micro-) Services},
  author={Zimmermann, Olaf},
  booktitle={Microservices Workshop at SATURN conference},
  year={2015},
  organization={Software Engineering Institute SEI, Carnegie Mellon University}
}


@inproceedings{baresi2013event,
  title={Event-based multi-level service monitoring},
  author={Baresi, L. and Guinea, S.},
  booktitle={IEEE 20th International Conf. on Web Services (ICWS)},
  pages={83--90},
  year={2013},
  organization={IEEE}
}


@article{zou2014dynamic,
  title={Dynamic composition of Web services using efficient planners in large-scale service repository},
  author={Zou, Guobing and Gan, Yanglan and Chen, Yixin and Zhang, Bofeng},
  journal={Knowledge-Based Systems},
  volume={62},
  pages={98--112},
  year={2014},
  publisher={Elsevier}
}

@article{mateos2011detecting,
  title={Detecting WSDL bad practices in code--first Web Services},
  author={Mateos, Cristian and Crasso, Marco and Zunino, Alejandro and Coscia, Jos? Luis Ordiales},
  journal={International Journal of Web and Grid Services},
  volume={7},
  number={4},
  pages={357--387},
  year={2011},
  publisher={Inderscience Publishers}
}


@inproceedings{hess2004assam,
  title={Assam: A tool for semi-automatically annotating semantic web services},
  author={He{\ss}, Andreas and Johnston, Eddie and Kushmerick, Nicholas},
  booktitle={International Semantic Web Conf.},
  pages={320--334},
  year={2004},
  organization={Springer}
}


@inproceedings{levcovitz15extracting,
  title={Towards a Technique for Extracting Microservices from Monolithic Enterprise Systems},
  author={Levcovitz, Alessandra and Terra, Ricardo and Valente, Marco Tulio},
  booktitle={3rd Brazilian Workshop on Software Visualization, Evolution and Maintenance (VEM)},
  pages={97--104},
  year={2015}
}

@inproceedings{balalaie2015migrating,
  title={Migrating to cloud-native architectures using microservices: An experience report},
  author={Balalaie, Armin and Heydarnoori, Abbas and Jamshidi, Pooyan},
  booktitle={European Conf. on Service-Oriented and Cloud Computing},
  pages={201--215},
  year={2015},
  organization={Springer}
}


@INBOOK{orne2009demand,
	AUTHOR       = "Orne, Martin T",
	TITLE        = "Artifacts in Behavioral Research",
	CHAPTER      = "{Demand characteristics and the concept of quasi-controls}",
	PUBLISHER    = "Oxford University Press",
	YEAR         = "2009",
	VOLUME       = "",
	SERIES       = "",
	ADDRESS      = "",
	EDITOR       = "",
	MONTH        = "",
	NOTE         = ""
}

@INPROCEEDINGS{Kolb09,
	 Author                   = {Kolb, Peter},
	 Title                    = {{Experiments on the Difference Between Semantic Similarity and Relatedness}},
	BOOKTITLE    = {Proc. of the 17th Nordic Conf. on Computational Linguistics - NODALIDA'09},
	YEAR         = {2009},
	EDITOR       = "",
	PAGES        = "",
	ORGANIZATION = "",
	PUBLISHER    = {Link University Electronic Press},
	ADDRESS      = {Odense, Denmark},
	MONTH        = {May},
	NOTE         = ""
}
@book{winston2004operations,
  title={Operations research: applications and algorithms},
  author={Winston, Wayne L and Goldberg, Jeffrey B},
  volume={3},
  year={2004},
  publisher={Duxbury press Belmont, CA}
}

@InProc.{finlayson2014java,
  Title                    = {{Java Libraries for Accessing the Princeton WordNet: Comparison and Evaluation}},
  Author                   = {Finlayson, Mark Alan},
  Booktitle                = {Proc. of the 7th Global Wordnet Conf.},
  Year                     = {2014},
  Address                  = {Tartu, Estonia},
  Month                    = {January},
  Pages                    = {78-85}
}

@article{Garriga17,
title = "Assessing Web Services Interfaces with Lightweight Semantic Basis",
journal = "Computing and Informatics",
year = "2017",
note = "Accepted for Publication",
author = "Alan De Renzis and Martin Garriga and Andres Flores and Alejandra Cechich and Alejandro Zunino"
}
 

@article{DeRenzis17,
title = "A domain independent readability metric for web service descriptions ",
journal = "Computer Standards \& Interfaces ",
volume = "50",
number = "",
pages = "124 - 141",
year = "2017",
note = "",
issn = "0920-5489",
doi = "http://dx.doi.org/10.1016/j.csi.2016.09.005",
url = "http://www.sciencedirect.com/science/article/pii/S0920548916300782",
author = "Alan De Renzis and Martin Garriga and Andres Flores and Alejandra Cechich and Cristian Mateos and Alejandro Zunino",
}


@INPROCEEDINGS{Pautasso08,
  TITLE = "{Restful Web services vs. ``Big'' Web services: Making the Right Architectural Decision}",
  AUTHOR = "Pautasso, C. and Zimmermann, O. and Leymann, F.",
  BOOKTITLE = "17$^{th}$ International Conf. on World Wide Web",
  PAGES = "805--814",
  YEAR = "2008",
  PUBLISHER = "ACM Press"
}

@inproceedings{bollacker2008freebase,
  title={Freebase: a collaboratively created graph database for structuring human knowledge},
  author={Bollacker, Kurt and Evans, Colin and Paritosh, Praveen and Sturge, Tim and Taylor, Jamie},
  booktitle={Proc. of the 2008 ACM SIGMOD international conference on Management of data},
  pages={1247--1250},
  year={2008},
  organization={ACM}
}

@inproceedings{finkel2005incorporating,
  title={Incorporating non-local information into information extraction systems by gibbs sampling},
  author={Finkel, Jenny Rose and Grenager, Trond and Manning, Christopher},
  booktitle={Proc. of the 43rd Annual Meeting on Association for Computational Linguistics},
  pages={363--370},
  year={2005},
  organization={Association for Computational Linguistics}
}

@inproceedings{Lanthaler2013model,
 author = {Lanthaler, Markus and Gutl, Christian},
 title = {Model Your Application Domain, Not Your JSON Structures},
 booktitle = {Proc. of the 22Nd International Conf. on World Wide Web},
 series = {WWW '13 Companion},
 year = {2013},
 location = {Rio de Janeiro, Brazil},
 pages = {1415--1420},
 doi = {10.1145/2487788.2488184},
 publisher = {ACM},
 address = {New York, NY, USA}
} 

@Inbook{Ulitin2016,
author="Ulitin, Boris
and Babkin, Eduard
and Babkina, Tatiana",
editor="{Repa, Vaclav
and Bruckner, Tomas}",
title="Combination of DSL and DCSP for Decision Support in Dynamic Contexts",
bookTitle="Perspectives in Business Informatics Research: 15th International Conf.",
year="2016",
publisher="Springer International Publishing",
address="Cham",
pages="159--173",
isbn="978-3-319-45321-7",
doi="10.1007/978-3-319-45321-7_12",
url="http://dx.doi.org/10.1007/978-3-319-45321-7_12"
}


@article{Miller95,
 author = {Miller, George A.},
 title = {WordNet: A Lexical Database for English},
 journal = {Commun. ACM},
 issue_date = {Nov. 1995},
 volume = {38},
 number = {11},
 year = {1995},
 pages = {39--41},
 doi = {10.1145/219717.219748},
 publisher = {ACM},
 address = {New York, NY, USA}
} 


@article{Fellbaum90,
  title="{Introduction to Wordnet: An On-line Lexical Database}",
  author={G. Miller and R. Beckwith and C. Fellbaum and D. Gross and K. Miller},
  journal="{International Journal of Lexicography}",
  volume={3},
  number={4},
  pages={235--244},
  year={1990},
  publisher={Oxford University Press}
}

@INPROCEEDINGS{Bogner2016micro, 
author={J. Bogner and A. Zimmermann}, 
booktitle={2016 IEEE 20th International Enterprise Distributed Object Computing Workshop (EDOCW)}, 
title={Towards Integrating Microservices with Adaptable Enterprise Architecture}, 
year={2016},
pages={1-6}, 
doi={10.1109/EDOCW.2016.7584392}, 
month={Sept}
}

@inproceedings{zimmermann2013towards,
  title={Towards an integrated service-oriented reference enterprise architecture},
  author={Zimmermann, Alfred and Sandkuhl, Kurt and Pretz, Michael and Falkenthal, Michael and Jugel, Dierk and Wissotzki, Matthias},
  booktitle={Proc. of the 2013 International Workshop on Ecosystem Architectures},
  pages={26--30},
  year={2013},
  organization={ACM}
}

@inproceedings{lanthaler2012using,
  title={On using JSON-LD to create evolvable RESTful services},
  author={Lanthaler, Markus and Gutl, Christian},
  booktitle={Proc. of the Third International Workshop on RESTful Design},
  pages={25--32},
  year={2012},
  organization={ACM}
}

@inproceedings{lanthaler2013hydra,
  title={Creating 3rd generation web APIs with hydra},
  author={Lanthaler, Markus},
  booktitle={Proc. of the 22nd International Conf. on World Wide Web},
  pages={35--38},
  year={2013},
  organization={ACM}
}

@misc{George2015microservices,
  title={Challenges in Implementing Microservices},
  author={George, Fred},
  year={2015},
  publisher={GOTO conference},
  address={Amsterdam},
note={http://gotocon.com/dl/goto-amsterdam-2015/slides/FredGeorge \_ChallengesInImplementingMicroServices.pdf}
}

@misc{Richardson2014microservices,
  title={Microservices Architecture},
  author={Richardson, Chris},
  year={2014},
  note={Retrieved from: http://microservices.io/}
}

@misc{Richardson2014whosusing,
  title={Microservices Architecture},
  author={Richardson, Chris},
  year={2014},
  note={Retrieved from: http://microservices.io/articles/whoisusingmicroservices.html}
}

@article{balalaie2016microservices,
  title={Microservices Architecture Enables DevOps: Migration to a Cloud-Native Architecture},
  author={Balalaie, Armin and Heydarnoori, Abbas and Jamshidi, Pooyan},
  journal={IEEE Software},
  volume={33},
  number={3},
  pages={42--52},
  year={2016},
  publisher={IEEE Computer Society Press}
}

@article{casale2016current,
  title={Current and Future Challenges of Software Engineering for Services and Applications},
  author={Casale, Giuliano and Chesta, Cristina and Deussen, Peter and Di Nitto, Elisabetta and Gouvas, Panagiotis and Koussouris, Sotiris and Stankovski, Vlado and Symeonidis, Andreas and Vlassiou, Vlassis and Zafeiropoulos, Anastasios and others},
  journal={Procedia Computer Science},
  volume={97},
  pages={34--42},
  year={2016},
  publisher={Elsevier}
}

@misc{lewis2014microservices,
  title={Microservices: A definition for this new architectural term},
  author={Lewis, James and Fowler, Martin},
  year={2014},
  note={Retrieved from: http://martinfowler.com/articles/microservices.html}
}

@misc{lewis2015monolith,
  title={Microservices},
  author={Fowler, Martin},
  year={2015},
  note={Retrieved from: http://martinfowler.com/bliki/MonolithFirst.html}
}

@inproceedings{gysel2016service,
  title={Service Cutter: A Systematic Approach to Service Decomposition},
  author={Gysel, Michael and K{\"o}lbener, Lukas and Giersche, Wolfgang and Zimmermann, Olaf},
  booktitle={European Conf. on Service-Oriented and Cloud Computing},
  pages={185--200},
  year={2016},
  organization={Springer}
}

@inproceedings{hassan2016microservices,
  title={Microservices and Their Design Trade-Offs: A Self-Adaptive Roadmap},
  author={Hassan, Sara and Bahsoon, Rami},
  booktitle={IEEE International Conf. on Services Computing (SCC)},
  pages={813--818},
  year={2016},
  organization={IEEE}
}

@book{evans2004domain,
  title={Domain-driven design: tackling complexity in the heart of software},
  author={Evans, Eric},
  year={2004},
  publisher={Addison-Wesley Professional}
}

@book{vernon2013implementing,
  title={Implementing domain-driven design},
  author={Vernon, Vaughn},
  year={2013},
  publisher={Addison-Wesley}
}

@book{newman2015building,
  title={Building Microservices},
  author={Newman, Sam},
  year={2015},
  publisher={O'Reilly Media, Inc.}
}

@book{homer2014cloud,
  title={Cloud Design Patterns: Prescriptive Architecture Guidance for Cloud Applications},
  author={Homer, Alex and Sharp, John and Brader, Larry and Narumoto, Masashi and Swanson, Trent},
  year={2014},
  publisher={Microsoft patterns \& practices}
}

@book{nygard2007release,
  title={Release it!: design and deploy production-ready software},
  author={Nygard, Michael},
  year={2007},
  publisher={Pragmatic Bookshelf}
}

@article{mackenzie2006reference,
  title={Reference model for service oriented architecture 1.0},
  author={MacKenzie, C Matthew and Laskey, Ken and McCabe, Francis and Brown, Peter F and Metz, Rebekah and Hamilton, Booz Allen},
  journal={OASIS standard},
  volume={12},
  year={2006}
}

@misc{openGroup10ontology,
  title={Service-oriented Architecture ontology},
  author={OpenGroupStandard},
  year={2010},
HOWPUBLISHED={Retrieved from: https://www.opengroup.org/soa/source-book/ontologyv2/index.htm}
}

@inproceedings{zimmermann2011capability,
  title={Capability diagnostics of enterprise service architectures using a dedicated software architecture reference model},
  author={Zimmermann, Alfred and Buckow, Helge and Gro{\ss}, Hans-Jurgen and Nandico, Oliver F and Piller, Gunther and Prott, Karl},
  booktitle={IEEE International Conf. on Services Computing (SCC)},
  pages={592--599},
  year={2011},
  organization={IEEE}
}

@inproceedings{liu2016cide,
  title={CIDE: An Integrated Development Environment for Microservices},
  author={Liu, Desheng and Zhu, Hong and Xu, Chengzhi and Bayley, Ian and Lightfoot, David and Green, Mark and Marshall, Peter},
  booktitle={IEEE International Conf. on Services Computing (SCC)},
  pages={808--812},
  year={2016},
  organization={IEEE}
}

@inproceedings{schermann2015all,
  title={All the Services Large and Micro: Revisiting Industrial Practice in Services Computing},
  author={Schermann, G. and Cito, J. and Leitner, P.},
  booktitle={International Conf. on Service-Oriented Computing (ICSOC)},
  pages={36--47},
  year={2015},
  organization={Springer}
}

@inproceedings{safina2016data,
  title={Data-Driven Workflows for Microservices: Genericity in Jolie},
  author={Safina, Larisa and Mazzara, Manuel and Montesi, Fabrizio and Rivera, Victor},
  booktitle={IEEE International Conf. on Advanced Information Networking and Applications (AINA)},
  pages={430--437},
  year={2016},
  organization={IEEE}
}

@inproceedings{xu2016caople,
  title={CAOPLE: A Programming Language for Microservices SaaS},
  author={Xu, Chengzhi and Zhu, Hong and Bayley, Ian and Lightfoot, David and Green, Mark and Marshall, Peter},
  booktitle={IEEE Symposium on Service-Oriented System Engineering (SOSE)},
  pages={34--43},
  year={2016},
  organization={IEEE}
}

@article{dragoni2016microservices,
  title={Microservices: yesterday, today, and tomorrow},
  author={Dragoni, Nicola and Giallorenzo, Saverio and Lafuente, Alberto Lluch and Mazzara, Manuel and Montesi, Fabrizio and Mustafin, Ruslan and Safina, Larisa},
  journal={arXiv preprint arXiv:1606.04036},
  year={2016}
}

@inproceedings{messina16simplifiedDba,
  title={A Simplified Database Pattern for the Microservice Architecture},
  author={Messina, Antonio and Rizzo, Riccardo and Storniolo, Pietro and Urso, Alfonso},
booktitle={International Conf. on Advances in Databases, Knowledge, and Data Applications (DBKDA)}
}

@inproceedings{stubbs2015distributed,
  title={Distributed systems of microservices using Docker and Serfnode},
  author={Stubbs, Joe and Moreira, Walter and Dooley, Rion},
  booktitle={International Workshop on Science Gateways (IWSG)},
  pages={34--39},
  year={2015},
  organization={IEEE}
}

@inproceedings{yahia2016medley,
  title={Medley: An Event-Driven Lightweight Platform for Service Composition},
  author={Yahia, Elyas Ben Hadj and R{\'e}veill{\`e}re, Laurent and Bromberg, Y{\'e}rom-David and Chevalier, Rapha{\"e}l and Cadot, Alain},
  booktitle={International Conf. on Web Engineering},
  pages={3--20},
  year={2016},
  organization={Springer}
}

@misc{fromm12serverless,
  author="Fromm, Ken",
  title="Why The Future Of Software And Apps Is Serverless",
  year={2012},
  note={Retrieved from: http://readwrite.com/2012/10/15/why-the-future-of-software-and-apps-is-serverless/}
}

@inproceedings{cito2015making,
  title={The making of cloud applications: An empirical study on software development for the cloud},
  author={Cito, J{\"u}rgen and Leitner, Philipp and Fritz, Thomas and Gall, Harald C},
  booktitle={Joint Meeting on Foundations of Software Engineering},
  pages={393--403},
  year={2015},
  organization={ACM}
}

@article{toffetti2016self,
  title={Self-managing cloud-native applications: Design, implementation, and experience},
   author={Toffetti, Giovanni and Brunner, Sandro and Bl{\"o}chlinger, Martin and Spillner, Josef and Bohnert, Thomas Michael},
  journal={Future Generation Computer Systems},
volume={In Press},
  year={2016},
  publisher={Elsevier}
}

@inproceedings{felter2015updated,
  title={An updated performance comparison of virtual machines and linux containers},
  author={Felter, Wes and Ferreira, Alexandre and Rajamony, Ram and Rubio, Juan},
  booktitle={IEEE International Symposium on Performance Analysis of Systems and Software (ISPASS)},
  pages={171--172},
  year={2015},
  organization={IEEE}
}

@inproceedings{soltesz2007container,
  title={Container-based operating system virtualization: a scalable, high-performance alternative to hypervisors},
  author={Soltesz, Stephen and P{\"o}tzl, Herbert and Fiuczynski, Marc E and Bavier, Andy and Peterson, Larry},
  booktitle={ACM SIGOPS Operating Systems Review},
  volume={41},
  number={3},
  pages={275--287},
  year={2007},
  organization={ACM}
}

@MISC{javaWorld15containers,
	AUTHOR       = "JavaWorld",
	TITLE        = "How Containers Change Everything",
	HOWPUBLISHED = "Retrieved from: http://www.javaworld.com/article/2940858/
cloud-computing/how-containers-change-everything.
html",
	MONTH        = "",
	YEAR         = "2015",
	NOTE         = ""
}

@INBOOK{garlan16,
	AUTHOR       = "Garlan, David",
	TITLE        = "Managing Trade-offs in Adaptable Software Architectures",
	CHAPTER      = "Forewords by David Garlan",
	PUBLISHER    = "Morgan Kauffmann",
	YEAR         = "2016",
	VOLUME       = "1",
	SERIES       = "",
	ADDRESS      = "",
	EDITOR       = "Mistrik and Ali and Kazman and Grundy and Schmerl",
	MONTH        = "",
	NOTE         = ""
}

@article{schmerl2016managing,
  title={Managing Trade-offs in Adaptable Software Architectures},
  author={Schmerl, Bradley and Kazman, Rick and Ali, Nour and Grundy, John and Mistrik, Ivan},
  year={2016},
  publisher={Morgan Kaufmann}
}

@incollection{de2013software,
  title={Software engineering for self-adaptive systems: A second research roadmap},
  author={De Lemos, Rog{\'e}rio and Giese, Holger and M{\"u}ller, Hausi A and Shaw, Mary and Andersson, Jesper and Baresi, Luciano and Schmerl, Bradley and Tamura, Gabriel and Mirandola, Raffaela and Vogel, Thomas and others},
  booktitle={Software Engineering for Self-Adaptive Systems II},
  pages={1--32},
  year={2013},
  publisher={Springer}
}

@article{assmann2012models,
  title={Models@ run. time (dagstuhl seminar 11481)},
  author={A{\ss}mann, Uwe and Bencomo, Nelly and Cheng, Betty HC and France, Robert B},
  journal={Dagstuhl Reports},
  volume={1},
  number={11},
  year={2012},
  publisher={Schloss Dagstuhl-Leibniz-Zentrum fuer Informatik},
note={http://drops.dagstuhl.de/opus/volltexte/2012/3379}
}

@inproceedings{bencomo20094th,
  title={4th international workshop on models@ run. time},
  author={Bencomo, Nelly and Blair, Gordon and France, Robert and Mu{\~n}oz, Freddy and Jeanneret, C{\'e}dric},
  booktitle={International Conf. on Model Driven Engineering Languages and Systems},
  pages={119--123},
  year={2009},
  organization={Springer}
}

@inproceedings{sawyer2010requirements,
  title={Requirements-aware systems: A research agenda for re for self-adaptive systems},
  author={Sawyer, Pete and Bencomo, Nelly and Whittle, Jon and Letier, Emmanuel and Finkelstein, Anthony},
  booktitle={IEEE International Requirements Engineering Conf. (RE)},
  pages={95--103},
  year={2010},
  organization={IEEE}
}

@article{killalea2016hidden,
  title={The hidden dividends of microservices},
  author={Killalea, Tom},
  journal={Communications of the ACM},
  volume={59},
  number={8},
  pages={42--45},
  year={2016},
  publisher={ACM}
}

@MISC{montesi15evaluating,
	AUTHOR       = "Montesi, Fabrizio",
	TITLE        = "Evaluating the Design and Implementation of a Microservice",
	HOWPUBLISHED = "Retrieved from: http://fmontesi.github.io/2015/05/04/evaluating-design-of-microservice.html",
	MONTH        = "May",
	YEAR         = "2015",
	NOTE         = ""
}

@INBOOK{bass16,
	AUTHOR       = "Bass, Len",
	TITLE        = "Software Quality Assurance In Large Scale and Complex Software-intensive Systems",
	CHAPTER      = "Forewords by Len Bass",
	PUBLISHER    = "Morgan Kauffmann",
	YEAR         = "2015",
	VOLUME       = "1",
	SERIES       = "",
	ADDRESS      = "",
	EDITOR       = "Mistrik and Ali and Kazman and Grundy and Schmerl",
	MONTH        = "October",
	NOTE         = ""
}

@Inbook{Olson1996,
	author="Olson, D. L.",
	title="Smart",
	bookTitle="Decision Aids for Selection Problems",
	year="1996",
	publisher="Springer New York",
	address="New York, NY",
	pages="34--48",
	abstract="SMART (Simple Multi-Attribute Rating Technique, [Edwards, 1971, 1977]) provides a simple way to implement the principles of multiattribute utility theory (MAUT). Edwards [1977] argued that decisions depend on values and probabilities, both subjective quantities. Error can arise in modeling, and can also arise from elicitation. Modeling error is due to applying a model with simplifying assumptions. Elicitation error arises when measures obtained do not accurately reflect subject preference. The more complicated the questions, the more elicitation error there will be. SMART requires no judgments of preference or indifference among hypothetical alternatives, as is required with Logical Decision and most MAUT methods. Edwards argued [1977, p. 327] that hypothetical judgments were unreliable and unrepresentative of real preferences, and bore untutored decision makers into rejection of the elicitation process or acceptance of any response that would most quickly terminate questioning.",
	isbn="978-1-4612-3982-6",
}


@article{dustdar0,
	title={{Cost-driven Optimization of Cloud Resource Allocation for Elastic Processes}},
	author={Schulte, S. and Schuller, D. and Hoenisch, P. and Lampe, U. and Dustdar, S. and Steinmetz, R.},
	journal={International Journal of Cloud Computing},
	volume={1},
	number={2},
	pages={1--14},
	year={2013}
}

@inproceedings{ia1,
	author = {Nikravesh, A. Y. and Ajila, S. A. and Lung, Chung-Horng},
	title = {{Towards an Autonomic Auto-scaling Prediction System for Cloud Resource Provisioning}},
	booktitle = {Proc. of the 10th International Symposium on Software Engineering for Adaptive and Self-Managing Systems},
	year = {2015},
	location = {Florence, Italy},
	pages = {35--45},
	numpages = {11},
	acmid = {2821365},
	publisher = {IEEE Press},
	keywords = {auto-scaling, autonomic, cloud computing, neural networks, resource provisioning, support vector machine, workload pattern},
}

@inproceedings{queue1,
	title={{Resource Provisioning for Cloud Computing}},
	author={Hu, Y. and Wong, J. and Iszlai, G. and Litoiu, M.},
	booktitle={Proc. of the 2009 Conf. of the Center for Advanced Studies on Collaborative Research},
	pages={101--111},
	year={2009},
	organization={IBM Corp.}
}

@book{aastrom1995pid,
	title={PID controllers: theory, design, and tuning},
	author={{\AA}str{\"o}m, K. J. and H{\"a}gglund, T.},
	volume={2},
	year={1995},
	publisher={Isa Research Triangle Park, NC}
}

@misc{Swarm,
	title = {Docker Swarm},
	howpublished = {\url{https://www.docker.com/products/docker-swarm}},
	year = {2018}
}

@misc{Kubernetes,
	title = {{Kubernetes}},
	howpublished = {\url{https://kubernetes.io}},
	year = {2018}
}

